%YAML 1.1
%TAG !u! tag:unity3d.com,2011:
--- !u!1 &5793896421581254596
GameObject:
  m_ObjectHideFlags: 0
  m_CorrespondingSourceObject: {fileID: 0}
  m_PrefabInstance: {fileID: 0}
  m_PrefabAsset: {fileID: 0}
  serializedVersion: 6
  m_Component:
  - component: {fileID: 5793896421581254597}
  - component: {fileID: 5793896421581254598}
  - component: {fileID: 1490768931858130061}
  m_Layer: 0
  m_Name: Block
  m_TagString: Untagged
  m_Icon: {fileID: 0}
  m_NavMeshLayer: 0
  m_StaticEditorFlags: 0
  m_IsActive: 1
--- !u!4 &5793896421581254597
Transform:
  m_ObjectHideFlags: 0
  m_CorrespondingSourceObject: {fileID: 0}
  m_PrefabInstance: {fileID: 0}
  m_PrefabAsset: {fileID: 0}
  m_GameObject: {fileID: 5793896421581254596}
  m_LocalRotation: {x: 0, y: 0, z: 0, w: 1}
  m_LocalPosition: {x: 0, y: 0, z: 0}
  m_LocalScale: {x: 0.62, y: 0.62, z: 1}
  m_Children: []
  m_Father: {fileID: 5793896422207263245}
  m_RootOrder: 0
  m_LocalEulerAnglesHint: {x: 0, y: 0, z: 0}
--- !u!114 &5793896421581254598
MonoBehaviour:
  m_ObjectHideFlags: 0
  m_CorrespondingSourceObject: {fileID: 0}
  m_PrefabInstance: {fileID: 0}
  m_PrefabAsset: {fileID: 0}
  m_GameObject: {fileID: 5793896421581254596}
  m_Enabled: 1
  m_EditorHideFlags: 0
  m_Script: {fileID: 11500000, guid: f56839f377d096944b8a4cd19e8a5021, type: 3}
  m_Name: 
  m_EditorClassIdentifier: 
  cellPref: {fileID: 6919328719038218877, guid: fcd03c51250baae4cb1340a049d4edc4, type: 3}
  sortingGroup: {fileID: 1490768931858130061}
  timeScale: 0.1
  LstCell: []
--- !u!210 &1490768931858130061
SortingGroup:
  m_ObjectHideFlags: 0
  m_CorrespondingSourceObject: {fileID: 0}
  m_PrefabInstance: {fileID: 0}
  m_PrefabAsset: {fileID: 0}
  m_GameObject: {fileID: 5793896421581254596}
  m_Enabled: 0
  m_SortingLayerID: -1500151917
  m_SortingLayer: 1
  m_SortingOrder: 5
--- !u!1 &5793896422207263244
GameObject:
  m_ObjectHideFlags: 0
  m_CorrespondingSourceObject: {fileID: 0}
  m_PrefabInstance: {fileID: 0}
  m_PrefabAsset: {fileID: 0}
  serializedVersion: 6
  m_Component:
  - component: {fileID: 5793896422207263245}
  - component: {fileID: 5793896422207263246}
  - component: {fileID: 5793896422207263247}
  m_Layer: 0
  m_Name: BlockSpawner
  m_TagString: Untagged
  m_Icon: {fileID: 0}
  m_NavMeshLayer: 0
  m_StaticEditorFlags: 0
  m_IsActive: 1
--- !u!4 &5793896422207263245
Transform:
  m_ObjectHideFlags: 0
  m_CorrespondingSourceObject: {fileID: 0}
  m_PrefabInstance: {fileID: 0}
  m_PrefabAsset: {fileID: 0}
  m_GameObject: {fileID: 5793896422207263244}
  m_LocalRotation: {x: 0, y: 0, z: 0, w: 1}
  m_LocalPosition: {x: -3.9, y: 0, z: 0}
  m_LocalScale: {x: 1, y: 1, z: 1}
  m_Children:
  - {fileID: 5793896421581254597}
  m_Father: {fileID: 0}
  m_RootOrder: 0
  m_LocalEulerAnglesHint: {x: 0, y: 0, z: 0}
--- !u!61 &5793896422207263246
BoxCollider2D:
  m_ObjectHideFlags: 0
  m_CorrespondingSourceObject: {fileID: 0}
  m_PrefabInstance: {fileID: 0}
  m_PrefabAsset: {fileID: 0}
  m_GameObject: {fileID: 5793896422207263244}
  m_Enabled: 1
  m_Density: 1
  m_Material: {fileID: 0}
  m_IsTrigger: 0
  m_UsedByEffector: 0
  m_UsedByComposite: 0
  m_Offset: {x: 0, y: 0}
  m_SpriteTilingProperty:
    border: {x: 0, y: 0, z: 0, w: 0}
    pivot: {x: 0, y: 0}
    oldSize: {x: 0, y: 0}
    newSize: {x: 0, y: 0}
    adaptiveTilingThreshold: 0
    drawMode: 0
    adaptiveTiling: 0
  m_AutoTiling: 0
  serializedVersion: 2
  m_Size: {x: 2.8, y: 2.8}
  m_EdgeRadius: 0
--- !u!114 &5793896422207263247
MonoBehaviour:
  m_ObjectHideFlags: 0
  m_CorrespondingSourceObject: {fileID: 0}
  m_PrefabInstance: {fileID: 0}
  m_PrefabAsset: {fileID: 0}
  m_GameObject: {fileID: 5793896422207263244}
  m_Enabled: 1
  m_EditorHideFlags: 0
  m_Script: {fileID: 11500000, guid: b20db5d301ca99c4397754265019e2b9, type: 3}
  m_Name: 
  m_EditorClassIdentifier: 
  block: {fileID: 5793896421581254598}
  sound_Select: {fileID: 8300000, guid: 004a5ccbd3ac6844b8c520d975707b62, type: 3}
  sound_DropFail: {fileID: 8300000, guid: 503ddbc02c95ddb43b28a60eb8abb10a, type: 3}
  sound_DropBoard: {fileID: 8300000, guid: e147e97e1e30af2479186885247d5c8e, type: 3}
  deltaMove: {x: 0, y: 3}
  speed: 60
  timeTarget: 0.2
